@ARTICLE {BockPaper,
    author  = "Przemek J. Bock and Pavel Cheben and Jens H. Schmid and Jean Lapointe and Andre Delage and Dan-Xia Xu and Siegfried Janz and Adam Densmore and Trevor J. Hall",
    title   = "{Subwavelength grating crossings for silicon wire waveguides}",
    journal = "Optics Express",
    year    = "2010",
    volume  = "18",
    number  = "15",
    pages   = "16146-16155"
}

@ARTICLE {OGswg,
    author  = "Przemek J. Bock and Pavel Cheben and Jens H. Schmid and Jean Lapointe and Andre Delage and Siegfried Janz and Geof C. Aers and Dan-Xia Xu and Adam Densmore and Trevor J Hall",
    title   = "Subwavelength grating periodic structures in silicon-on-insulator: a new type of microphotonic waveguide",
    journal = "Optics Express",
    year    = "2010",
    volume  = "18",
    number  = "19",
}


@ARTICLE {ChenPaper,
    author  = "Lawrence R. Chen and Junjia Wang and Behnam Naghdi and Ivan Glesk",
    title   = "Subwavelength grating waveguide devices for telecommunications applications",
    journal = "IEEE Journal of Selected Topics in Quantum Electronics, Issue on Metamaterial Photonics and Integration",
    year    = "2019",
    volume  = "25",
    number  = "3"
}
@ARTICLE {EvFieldBio,
    author  = "J. Gonzalo Wangüemert-Pérez and Pavel Cheben and Alejandro Ortega-Moñux and Carlos Alonso-Ramos and Diego Pérez-Galacho and Robert Halir and Iñigo Molina-Fernández and Dan-Xia Xu and Jens H. Schmid",
    title   = "Evanescent field waveguide sensing with subwavelength grating structures in silicon-on-insulator",
    journal = "Optics Letters",
    year    = "2014",
    volume  = "39",
    number  = "15",
    pages   = "4442-4445",
    month   = "aug"
}

@ONLINE {thermofisher,
    author = "{Thermo Fisher Scientific}",
    title  = "{ELISA reagents and buffers}",
    url    = "https://www.thermofisher.com/ca/en/home/life-science/protein-biology/protein-assays-analysis/elisa.html"
}

@ARTICLE {HalirReview,
    author  = "Robert Halir and Przemek J. Bock and Pavel Cheben and Alejandro Ortega-Monux and Carlos Alonso-Ramos and Jens H. Schmid and Jean Lapointe and Dan-Xia Xu and J. Gonzalo Wanguemert-Perez and Inigo Molina-Fernandez and Siegfried Janz",
    title   = "Waveguide sub-wavelength structures: a review of principles and applications",
    journal = "Laser and Photonics Reviews",
    year    = "2014",
    volume  = "9",
    number  = "1",
    pages   = "25-49"
}


@BOOK {PhotonicCrystalsText,
    author    = "John D. Joannopoulos and Steven G. Johnson and Joshua N. Winn and Robert D. Meade",
    title     = "{Photonic Crystals: Molding the Flow of Light}",
    publisher = "Princeton University Press",
    year      = "2008",
    volume    = "2"
}

@ARTICLE {DonzellaPaper,
    author  = "Valentina Donzella and Ahmed Sherwali and Jonas Flueckiger and Sahba Taledi Fard and Samantha M. Grist and Lukas Chrostowski",
    title   = "Sub-wavelength grating components for integrated optics applications on {SOI} chips",
    journal = "Optics Express",
    year    = "2014",
    volume  = "22",
    number  = "17",
    pages   = "21037-21050"
}

@ONLINE {KitaPaper,
    author = "Derek Kita and Jerome Michon and Juejun Hu and Steven G. Johnson",
    title  = "Are slot and sub-wavelength grating waveguides better than strip waveguides for sensing?",
    month  = "aug",
    year   = "2018",
    url    = "https://arxiv.org/pdf/1805.03321.pdf"
}

@BOOK {SPDText,
    author    = "Lukas Chrostowski and Michael Hochberg",
    title     = "Silicon Photonics Design",
    publisher = "Cambridge University Press",
    year      = "2015"
}

@ARTICLE {WangPaper,
    author  = "Zheng Wang and Xiaochuan Xu and Donglei Fan and Yaguo Wang and Harish Subbaraman and Ray T. Chen",
    title   = "Geometrical tuning art for entirely subwavelength grating waveguide based integrated photonics circuits",
    journal = "Nature: Scientific Reports",
    year    = "2016",
    volume  = "6",
    number  = "24106"
}

@ARTICLE {ChebenPaper,
    author  = "P. Cheben and J. H. Schmid and P. J. Bock and J. Lapointe and S. Janz and D.-X. Xu and A. Delage and M. Vachon and R. Halir and A. Ortega-Moñux and C. Alonso Ramos and I. Molina-Fernandez and J.-M. Fédéli and M. Ibrahim and W. N. Ye and A. V. Velasco and M. L. Calvo and I. Glesk",
    title   = "Refractive Index Engineering with Sub-Wavelength Gratings in Silicon Waveguides",
    journal = "Advanced Photonics Congress",
    year    = "2012"
}

@ARTICLE {swg1,
    author  = "J. Gonzalo Wanguemert-Perez and Abdelfettah Hadi-ElHouati and Alejandro Sanchez-Postigo and Jonas Leuermann and Dan-Xia Xu and Pavel Cheben and Alejandro Ortega-Monux and Robert Halir and Inigo Molina-Fernandez",
    title   = "Subwavelength structures for silicon photonics biosensing",
    journal = "Optics and Laser Technology",
    year    = "2019",
    volume  = "109",
    pages   = "437-448",
    month   = "Jan"
}

@ARTICLE {mechbiosensors,
    author  = "J.L. Arlett and E.B. Meters and M.L. Roukes",
    title   = "Comparative advantages of mechanical biosensors",
    journal = "Nature Nanotechnology",
    year    = "2011",
    volume  = "44",
    pages   = "203-215",
    month   = "March"
}

@ARTICLE {labelfree,
    author  = "Enxiao Luan and Hossam Shoman and Daniel M. Ratner and Karen C. Cheung and Lukas Chrostowski",
    title   = "Silicon photonic biosensors using label-free detection",
    journal = "Sensors",
    year    = "2018",
    volume  = "18",
    number  = "3519",
    month   = "Oct."
}

@ARTICLE {trapezoidal,
    author  = "Zheng Wang and Xiaochuan Xu and Donglei Fan and Yaguo Wang and Ray T Chen",
    title   = "High quality factor subwavelength grating waveguide micro-ring resonator based on trapezoidal silicon pillars",
    journal = "Optics Letters",
    year    = "2016",
    volume  = "41",
    number  = "14",
    pages   = "3375-3378",
    month   = "July"
}

@ARTICLE {sipORRs,
    author  = "Wim Bogaerts and Peter DeHeyn and Thomas Van-Vaerenbergh and Katrien DeVos and Shankhar Kumar Selvaraja and Tom Claes and Pieter Dumon and Peter Bienstman and Dries Van-Thourhout and Roel Baets",
    title   = "Silicon Microring Resonators",
    journal = "Laser Phonics Reviews",
    year    = "2012",
    volume  = "6",
    number  = "1",
    pages   = "47-73"
}

@ARTICLE {swg2,
    author  = "Patrick Steglich and Marcel Hülsemann and Birgit Dietzel and Andreas Mai",
    title   = "Optical Biosensors Based on Silicon-On-Insulator Ring Resonators: A Review",
    journal = "Molecules",
    year    = "2019",
    volume  = "24",
    number  = "519"
}

@ARTICLE {sipresonators,
    author  = "Lukas Chrostowski and Samantha Grist  and Jonas Flueckiger and Wei Shi and Xu Wang  and Eric Ouellet and Han Yun and Mitch Webb and Ben Nie and Zhen Liang and Karen C. Cheung and Shon A. Schmidt and Daniel M. Ratner and Nicolas A. F. Jaeger",
    title   = "Silicon photonic resonator sensors and devices",
    journal = "Society of Photo-Optical Instrumentation Engineers (SPIE)",
    year    = "2012",
    volume  = "8236",
    number  = "823620",
    month   = "Feb"
}

@ARTICLE {swg3,
    author  = "Jonas Flueckiger and Shon Schmidt and Valentina Donzella and Ahmed Sherwali and Daniel Ratner and Lukas Chrostowski and Karen Cheung",
    title   = "Sub-wavelength grating for enhanced ring resonator biosensor",
    journal = "Optics Express",
    year    = "2016",
    volume  = "24",
    number  = "14",
    pages   = "15672-15686",
    month   = "July"
}

